@inproceedings{Reboucas2016,
  doi = {10.1109/saner.2016.66},
  url = {https://doi.org/10.1109/saner.2016.66},
  year  = {2016},
  month = {mar},
  publisher = {{IEEE}},
  author = {Marcel Reboucas and Gustavo Pinto and Felipe Ebert and Weslley Torres and Alexander Serebrenik and Fernando Castor},
  title = {An Empirical Study on the Usage of the Swift Programming Language},
  booktitle = {2016 {IEEE} 23rd International Conference on Software Analysis,  Evolution,  and Reengineering ({SANER})}
}
@inproceedings{Zagalsky2016,
  doi = {10.1145/2901739.2901772},
  url = {https://doi.org/10.1145/2901739.2901772},
  year  = {2016},
  publisher = {{ACM} Press},
  author = {Alexey Zagalsky and Carlos G{\'{o}}mez Teshima and Daniel M. German and Margaret-Anne Storey and Germ{\'{a}}n Poo-Caama{\~{n}}o},
  title = {How the R community creates and curates knowledge},
  booktitle = {Proceedings of the 13th International Workshop on Mining Software Repositories - {MSR} 16}
}
@inproceedings{Vasilescu2014,
  doi = {10.1145/2531602.2531659},
  url = {https://doi.org/10.1145/2531602.2531659},
  year  = {2014},
  publisher = {{ACM} Press},
  author = {Bogdan Vasilescu and Alexander Serebrenik and Prem Devanbu and Vladimir Filkov},
  title = {How social Q{\&}A sites are changing knowledge sharing in open source software communities},
  booktitle = {Proceedings of the 17th {ACM} conference on Computer supported cooperative work {\&} social computing - {CSCW}14}
}
@article{Barua2012,
  doi = {10.1007/s10664-012-9231-y},
  url = {https://doi.org/10.1007/s10664-012-9231-y},
  year  = {2012},
  month = {nov},
  publisher = {Springer Nature},
  volume = {19},
  number = {3},
  pages = {619--654},
  author = {Anton Barua and Stephen W. Thomas and Ahmed E. Hassan},
  title = {What are developers talking about? An analysis of topics and trends in Stack Overflow},
  journal = {Empirical Software Engineering}
}
@article{Rosen2015,
  doi = {10.1007/s10664-015-9379-3},
  url = {https://doi.org/10.1007/s10664-015-9379-3},
  year  = {2015},
  month = {apr},
  publisher = {Springer Nature},
  volume = {21},
  number = {3},
  pages = {1192--1223},
  author = {Christoffer Rosen and Emad Shihab},
  title = {What are mobile developers asking about? A large scale study using stack overflow},
  journal = {Empirical Software Engineering}
}
@inproceedings{Bajaj2014,
  doi = {10.1145/2597073.2597083},
  url = {https://doi.org/10.1145/2597073.2597083},
  year  = {2014},
  publisher = {{ACM} Press},
  author = {Kartik Bajaj and Karthik Pattabiraman and Ali Mesbah},
  title = {Mining questions asked by web developers},
  booktitle = {Proceedings of the 11th Working Conference on Mining Software Repositories - {MSR} 2014}
}
@inproceedings{Chowdhury2015,
  doi = {10.1109/msr.2015.54},
  url = {https://doi.org/10.1109/msr.2015.54},
  year  = {2015},
  month = {may},
  publisher = {{IEEE}},
  author = {Shaiful Alam Chowdhury and Abram Hindle},
  title = {Mining {StackOverflow} to Filter Out Off-Topic {IRC} Discussion},
  booktitle = {2015 {IEEE}/{ACM} 12th Working Conference on Mining Software Repositories}
}

  @online{wiki:Timeline,
    author = {Wikipedia contributors},
    title = {{Timeline of programming languages}},
    year = {2018},
    url = {https://en.wikipedia.org/wiki/Timeline\_of\_programming\_languages},
    urldate = {2018-10-07}}


@misc{StackoverflowSurvey,
    author = "{Stackoverflow}",
    title = "StackOverflow survey 2018",
    year = "2018",
    howpublished = "\url{https://insights.stackoverflow.com/survey/2018/}",
    note = "[Online; accessed 7-October-2018]"
  }
  @misc{GithubIssue,
    author = "{Github}",
    title = "Github Features",
    year = "2018",
    howpublished = "\url{https://guides.github.com/features/issues/}",
    note = "[Online; accessed 7-October-2018]"
  }
  @misc{wiki:ADF,
    author = "{Wikipedia contributors}",
    title = "Augmented Dickey Fuller Test",
    year = "2018",
    howpublished = "\url{https://en.wikipedia.org/wiki/Augmented_Dickey-Fuller_test}",
    note = "[Online; accessed 7-October-2018]"
  }
  @article{Kwiatkowski1992,
  doi = {10.1016/0304-4076(92)90104-y},
  url = {https://doi.org/10.1016/0304-4076(92)90104-y},
  year  = {1992},
  month = {oct},
  publisher = {Elsevier {BV}},
  volume = {54},
  number = {1-3},
  pages = {159--178},
  author = {Denis Kwiatkowski and Peter C.B. Phillips and Peter Schmidt and Yongcheol Shin},
  title = {Testing the null hypothesis of stationarity against the alternative of a unit root},
  journal = {Journal of Econometrics}
}
@article{Kristoufek2014,
  doi = {10.1016/j.physa.2014.01.058},
  url = {https://doi.org/10.1016/j.physa.2014.01.058},
  year  = {2014},
  month = {may},
  publisher = {Elsevier {BV}},
  volume = {402},
  pages = {291--298},
  author = {Ladislav Kristoufek},
  title = {Measuring correlations between non-stationary series with {DCCA} coefficient},
  journal = {Physica A: Statistical Mechanics and its Applications}
}

  @online{GithubEvents,
    author = {Github},
    title = {{Github Issue}},
    year = {2018},
    url = {https://developer.github.com/v3/issues/events/},
    urldate = {2018-10-07}}
@online{wiki:JIRA,
    author = {Wikipedia contributors},
    title = {{JIRA}},
    year = {2018},
    url = {https://en.wikipedia.org/wiki/Jira(software)},
    urldate = {2018-10-07}}
  @article{Srba2016,
  doi = {10.1109/ms.2016.34},
  url = {https://doi.org/10.1109/ms.2016.34},
  year  = {2016},
  month = {jul},
  publisher = {Institute of Electrical and Electronics Engineers ({IEEE})},
  volume = {33},
  number = {4},
  pages = {80--89},
  author = {Ivan Srba and Maria Bielikova},
  title = {Why is Stack Overflow Failing? Preserving Sustainability in Community Question Answering},
  journal = {{IEEE} Software}
}
@inproceedings{TausczikWC17,
  author    = {Yla R. Tausczik and
               Ping Wang and
               Joohee Choi},
  title     = {Which Size Matters? Effects of Crowd Size on Solution Quality in Big
               Data Q{\&}A Communities},
  booktitle = {Proceedings of the Eleventh International Conference on Web and Social
               Media, {ICWSM} 2017, Montr{\'{e}}al, Qu{\'{e}}bec, Canada,
               May 15-18, 2017.},
  pages     = {260--269},
  year      = {2017}
}
  
 @misc{AboutSwift,
    author = "{Apple Inc.}",
    title = "About Swift",
    year = "2018",
    howpublished = "\url{https://swift.org/about/.}",
    note = "[Online; accessed 7-October-2018]"
  } 
  @inproceedings{Hart2014,
  doi = {10.1145/2593702.2593703},
  url = {https://doi.org/10.1145/2593702.2593703},
  year  = {2014},
  publisher = {{ACM} Press},
  author = {Kerry Hart and Anita Sarma},
  title = {Perceptions of answer quality in an online technical question and answer forum},
  booktitle = {Proceedings of the 7th International Workshop on Cooperative and Human Aspects of Software Engineering - {CHASE} 2014}
}
 @inproceedings{Bissyande2013,
  doi = {10.1109/issre.2013.6698918},
  url = {https://doi.org/10.1109/issre.2013.6698918},
  year  = {2013},
  month = {nov},
  publisher = {{IEEE}},
  author = {Tegawende F. Bissyande and David Lo and Lingxiao Jiang and Laurent Reveillere and Jacques Klein and Yves Le Traon},
  title = {Got issues? Who cares about it? A large scale investigation of issue trackers from {GitHub}},
  booktitle = {2013 {IEEE} 24th International Symposium on Software Reliability Engineering ({ISSRE})}
}

@book{Harrell2015,
  doi = {10.1007/978-3-319-19425-7},
  url = {https://doi.org/10.1007/978-3-319-19425-7},
  year  = {2015},
  publisher = {Springer International Publishing},
  author = {Frank E. Harrell , },
  title = {Regression Modeling Strategies}
}
@article{Efron1986,
  doi = {10.1080/01621459.1986.10478291},
  url = {https://doi.org/10.1080/01621459.1986.10478291},
  year  = {1986},
  month = {jun},
  publisher = {Informa {UK} Limited},
  volume = {81},
  number = {394},
  pages = {461--470},
  author = {Bradley Efron},
  title = {How Biased is the Apparent Error Rate of a Prediction Rule?},
  journal = {Journal of the American Statistical Association}
}
@article{Ahmed2017,
  doi = {10.1186/s13673-017-0091-8},
  url = {https://doi.org/10.1186/s13673-017-0091-8},
  year  = {2017},
  month = {feb},
  publisher = {Springer Nature},
  volume = {7},
  number = {1},
  author = {Tanveer Ahmed and Abhishek Srivastava},
  title = {Understanding and evaluating the behavior of technical users. A study of developer interaction at {StackOverflow}},
  journal = {Human-centric Computing and Information Sciences}
}

@article{pmid25092958,
   Author="Feng, C.  and Wang, H.  and Lu, N.  and Chen, T.  and He, H.  and Lu, Y.  and Tu, X. M. ",
   Title="{{L}og-transformation and its implications for data analysis}",
   Journal="Shanghai Arch Psychiatry",
   Year="2014",
   Volume="26",
   Number="2",
   Pages="105--109",
   Month="Apr"
}
@inproceedings{Grant2010,
  doi = {10.1109/scam.2010.22},
  url = {https://doi.org/10.1109/scam.2010.22},
  year  = {2010},
  month = {sep},
  publisher = {{IEEE}},
  author = {Scott Grant and James R. Cordy},
  title = {Estimating the Optimal Number of Latent Concepts in Source Code Analysis},
  booktitle = {2010 10th {IEEE} Working Conference on Source Code Analysis and Manipulation}
}

@inproceedings{Wallach2009,
  doi = {10.1145/1553374.1553515},
  url = {https://doi.org/10.1145/1553374.1553515},
  year  = {2009},
  publisher = {{ACM} Press},
  author = {Hanna M. Wallach and Iain Murray and Ruslan Salakhutdinov and David Mimno},
  title = {Evaluation methods for topic models},
  booktitle = {Proceedings of the 26th Annual International Conference on Machine Learning - {ICML} {\textquotesingle}09}
}
@article{Blei2003,
 author = {Blei, David M. and Ng, Andrew Y. and Jordan, Michael I.},
 title = {Latent Dirichlet Allocation},
 journal = {J. Mach. Learn. Res.},
 issue_date = {3/1/2003},
 volume = {3},
 month = mar,
 year = {2003},
 issn = {1532-4435},
 pages = {993--1022},
 numpages = {30},
 url = {http://dl.acm.org/citation.cfm?id=944919.944937},
 acmid = {944937},
 publisher = {JMLR.org},
} 
@inproceedings{Squire2015,
  doi = {10.1109/icse.2015.150},
  url = {https://doi.org/10.1109/icse.2015.150},
  year  = {2015},
  month = {may},
  publisher = {{IEEE}},
  author = {Megan Squire},
  title = {Should We Move to Stack Overflow? Measuring the Utility of Social Media for Developer Support},
  booktitle = {2015 {IEEE}/{ACM} 37th {IEEE} International Conference on Software Engineering}
}
@article{Rasheed2011,
  doi = {10.1109/tkde.2010.76},
  url = {https://doi.org/10.1109/tkde.2010.76},
  year  = {2011},
  month = {jan},
  publisher = {Institute of Electrical and Electronics Engineers ({IEEE})},
  volume = {23},
  number = {1},
  pages = {79--94},
  author = {Faras Rasheed and Mohammed Alshalalfa and Reda Alhajj},
  title = {Efficient Periodicity Mining in Time Series Databases Using Suffix Trees},
  journal = {{IEEE} Transactions on Knowledge and Data Engineering}
}
@article{McIntosh2015,
  doi = {10.1007/s10664-015-9381-9},
  url = {https://doi.org/10.1007/s10664-015-9381-9},
  year  = {2015},
  month = {apr},
  publisher = {Springer Nature},
  volume = {21},
  number = {5},
  pages = {2146--2189},
  author = {Shane McIntosh and Yasutaka Kamei and Bram Adams and Ahmed E. Hassan},
  title = {An empirical study of the impact of modern code review practices on software quality},
  journal = {Empirical Software Engineering}
}


@inproceedings{Asaduzzaman2013,
 author = {Asaduzzaman, Muhammad and Mashiyat, Ahmed Shah and Roy, Chanchal K. and Schneider, Kevin A.},
 title = {Answering Questions About Unanswered Questions of Stack Overflow},
 booktitle = {Proceedings of the 10th Working Conference on Mining Software Repositories},
 series = {MSR '13},
 year = {2013},
 isbn = {978-1-4673-2936-1},
 location = {San Francisco, CA, USA},
 pages = {97--100},
 numpages = {4},
 url = {http://dl.acm.org/citation.cfm?id=2487085.2487109},
 acmid = {2487109},
 publisher = {IEEE Press},
 address = {Piscataway, NJ, USA},
} 
@incollection{Porter1997,
 author = {Porter, M. F.},
 chapter = {An Algorithm for Suffix Stripping},
 title = {Readings in Information Retrieval},
 editor = {Sparck Jones, Karen and Willett, Peter},
 year = {1997},
 isbn = {1-55860-454-5},
 pages = {313--316},
 numpages = {4},
 url = {http://dl.acm.org/citation.cfm?id=275537.275705},
 acmid = {275705},
 publisher = {Morgan Kaufmann Publishers Inc.},
 address = {San Francisco, CA, USA},
}
@inproceedings{Romano2013,
  doi = {10.1109/icsm.2013.49},
  url = {https://doi.org/10.1109/icsm.2013.49},
  year  = {2013},
  month = {sep},
  publisher = {{IEEE}},
  author = {Daniele Romano and Martin Pinzger},
  title = {Towards a Weighted Voting System for Q   A Sites},
  booktitle = {2013 {IEEE} International Conference on Software Maintenance}
}